@unpublished{技术文档,
	title={CEE技术文档1},
	author={CEE合作组},
	note={.},
	date={2017-10-23},
	}

